%% This BibTeX bibliography file was created using BibDesk.
%% http://bibdesk.sourceforge.net/


%% Created for Alex Charles at 2017-11-08 10:52:54 +0000 


%% Saved with string encoding Unicode (UTF-8) 



@online{JFlexJFl92:online,
	Date-Added = {2017-11-08 10:52:41 +0000},
	Date-Modified = {2017-11-08 10:52:41 +0000},
	Title = {JFlex - JFlex The Fast Scanner Generator for Java},
	Url = {http://jflex.de/},
	Urldate = {2017-11-08},
	Bdsk-Url-1 = {http://jflex.de/}}

@unpublished{lexicalAna,
	Author = {Bruce Hutton},
	Date-Added = {2015-03-25 10:09:58 +0000},
	Date-Modified = {2017-11-08 10:43:15 +0000},
	Institution = {The University of Auckland},
	Note = {Chapter 1 - Lexical Analysis Using JFlex},
	Title = {Computer Language Implementation Computer Language Implementation},
	Year = {2006},
	Bdsk-File-1 = {YnBsaXN0MDDUAQIDBAUGJCVYJHZlcnNpb25YJG9iamVjdHNZJGFyY2hpdmVyVCR0b3ASAAGGoKgHCBMUFRYaIVUkbnVsbNMJCgsMDxJXTlMua2V5c1pOUy5vYmplY3RzViRjbGFzc6INDoACgAOiEBGABIAFgAdccmVsYXRpdmVQYXRoWWFsaWFzRGF0YV8QIC4uLy4uLy4uLy4uL0Rvd25sb2Fkcy9DaGFwdDEucGRm0hcLGBlXTlMuZGF0YU8RATYAAAAAATYAAgAADE1hY2ludG9zaCBIRAAAAAAAAAAAAAAAAAAAAAAAAABCRAAB/////wpDaGFwdDEucGRmAAAAAAAAAAAAAAAAAAAAAAAAAAAAAAAAAAAAAAAAAAAAAAAAAAAAAAAAAAAAAAAAAAAAAAD/////AAAAAAAAAAAAAAAAAAQAAgAACiBjdQAAAAAAAAAAAAAAAAAJRG93bmxvYWRzAAACACEvOlVzZXJzOkFsZXg6RG93bmxvYWRzOkNoYXB0MS5wZGYAAA4AFgAKAEMAaABhAHAAdAAxAC4AcABkAGYADwAaAAwATQBhAGMAaQBuAHQAbwBzAGgAIABIAEQAEgAfVXNlcnMvQWxleC9Eb3dubG9hZHMvQ2hhcHQxLnBkZgAAEwABLwAAFQACAAv//wAAgAbSGxwdHlokY2xhc3NuYW1lWCRjbGFzc2VzXU5TTXV0YWJsZURhdGGjHR8gVk5TRGF0YVhOU09iamVjdNIbHCIjXE5TRGljdGlvbmFyeaIiIF8QD05TS2V5ZWRBcmNoaXZlctEmJ1Ryb290gAEACAARABoAIwAtADIANwBAAEYATQBVAGAAZwBqAGwAbgBxAHMAdQB3AIQAjgCxALYAvgH4AfoB/wIKAhMCIQIlAiwCNQI6AkcCSgJcAl8CZAAAAAAAAAIBAAAAAAAAACgAAAAAAAAAAAAAAAAAAAJm}}
